<?xml version="1.0" encoding="UTF-8"?><collection xmlns="http://www.loc.gov/MARC21/slim"><record><leader>00560nam--2200193-i-4500</leader><controlfield tag="001">000010273</controlfield><controlfield tag="002">20161230</controlfield><controlfield tag="005">20161230201028</controlfield><controlfield tag="008">060222s1000------------r-----000-0-ger-d</controlfield><datafield ind1=" " ind2=" " tag="040"><subfield code="a">IFIN-HH</subfield></datafield><datafield ind1=" " ind2=" " tag="041"><subfield code="a">ger</subfield></datafield><datafield ind1=" " ind2=" " tag="080"><subfield code="a">530.1:539.122</subfield></datafield><datafield ind1="1" ind2=" " tag="100"><subfield code="a">Barbieri, R</subfield></datafield><datafield ind1="1" ind2="0" tag="245"><subfield code="a">Infrared divergences and adiabatic switching. fourth order vacuum polarization</subfield><subfield code="c">R. barbieri, e. remiddi</subfield></datafield><datafield ind1=" " ind2=" " tag="260"><subfield code="a">Italia</subfield><subfield code="b">Physicalisches Institut Der Ubiversitat Bonn</subfield><subfield code="c">1972</subfield></datafield><datafield ind1=" " ind2=" " tag="300"><subfield code="a">24p</subfield></datafield><datafield ind1="1" ind2=" " tag="700"><subfield code="a">Remiddi, E</subfield></datafield><datafield ind1=" " ind2=" " tag="852"><subfield code="a">12060</subfield><subfield code="c">530.1</subfield></datafield><datafield ind1=" " ind2=" " tag="CAT"><subfield code="a">Sys</subfield><subfield code="c">20160414</subfield><subfield code="h">085800</subfield></datafield></record></collection>